<record><leader>00000cas a2200000 i 4500</leader><controlfield tag="001">15248251</controlfield><controlfield tag="008">870227d18451847inuwr ne      0    0eng c</controlfield><datafield ind1=" " ind2=" " tag="010"><subfield code="a">sn 87055647 </subfield></datafield><datafield ind1=" " ind2=" " tag="040"><subfield code="a">NPI</subfield><subfield code="b">eng</subfield><subfield code="e">rda</subfield><subfield code="c">NPI</subfield><subfield code="d">OCLCQ</subfield><subfield code="d">IUL</subfield><subfield code="d">OCLCF</subfield></datafield><datafield ind1=" " ind2=" " tag="042"><subfield code="a">pcc</subfield></datafield><datafield ind1=" " ind2=" " tag="043"><subfield code="a">n-us-in</subfield></datafield><datafield ind1="0" ind2="4" tag="245"><subfield code="a">The La Grange advocate.</subfield></datafield><datafield ind1="3" ind2="0" tag="246"><subfield code="a">LaGrange advocate</subfield></datafield><datafield ind1=" " ind2="1" tag="264"><subfield code="a">Lima [i.e. Howe], La Grange Co., Ia [i.e. Ind.] :</subfield><subfield code="b">J.M. Flagg</subfield></datafield><datafield ind1=" " ind2=" " tag="300"><subfield code="a">volumes</subfield></datafield><datafield ind1=" " ind2=" " tag="310"><subfield code="a">Weekly</subfield></datafield><datafield ind1=" " ind2=" " tag="336"><subfield code="a">text</subfield><subfield code="b">txt</subfield><subfield code="2">rdacontent</subfield></datafield><datafield ind1=" " ind2=" " tag="337"><subfield code="a">unmediated</subfield><subfield code="b">n</subfield><subfield code="2">rdamedia</subfield></datafield><datafield ind1=" " ind2=" " tag="338"><subfield code="a">volume</subfield><subfield code="b">nc</subfield><subfield code="2">rdacarrier</subfield></datafield><datafield ind1="1" ind2=" " tag="362"><subfield code="a">Began in 1845; ceased in May 1847?</subfield></datafield><datafield ind1=" " ind2=" " tag="588"><subfield code="a">Description based on: Volume 1, number 44 (September 27, 1845); title from masthead, U.S. Newspaper Archive (viewed June 22, 2017).</subfield></datafield><datafield ind1=" " ind2=" " tag="588"><subfield code="a">Latest issue consulted: Volume 2, number 52 (May 6, 1847); U.S. Newspaper Archive (viewed June 22, 2017).</subfield></datafield><datafield ind1=" " ind2="0" tag="651"><subfield code="a">Howe (Ind.)</subfield><subfield code="v">Newspapers.</subfield></datafield><datafield ind1=" " ind2="0" tag="651"><subfield code="a">LaGrange County (Ind.)</subfield><subfield code="v">Newspapers.</subfield></datafield><datafield ind1=" " ind2="7" tag="651"><subfield code="a">Indiana</subfield><subfield code="z">Howe.</subfield><subfield code="2">fast</subfield><subfield code="0">(OCoLC)fst01259261</subfield></datafield><datafield ind1=" " ind2="7" tag="651"><subfield code="a">Indiana</subfield><subfield code="z">LaGrange County.</subfield><subfield code="2">fast</subfield><subfield code="0">(OCoLC)fst01208902</subfield></datafield><datafield ind1=" " ind2="7" tag="655"><subfield code="a">Newspapers.</subfield><subfield code="2">fast</subfield><subfield code="0">(OCoLC)fst01423814</subfield></datafield><datafield ind1=" " ind2=" " tag="752"><subfield code="a">United States</subfield><subfield code="b">Indiana</subfield><subfield code="c">LaGrange</subfield><subfield code="d">Howe.</subfield></datafield><datafield ind1=" " ind2=" " tag="752"><subfield code="a">United States</subfield><subfield code="b">Indiana</subfield><subfield code="c">LaGrange</subfield><subfield code="d">Lima.</subfield></datafield><datafield ind1="0" ind2="0" tag="780"><subfield code="t">People's advocate (Ontario, Ind.)</subfield><subfield code="w">(DLC)sn 87055650</subfield><subfield code="w">(OCoLC)15248325</subfield></datafield><datafield ind1="0" ind2="4" tag="785"><subfield code="t">La Grange Whig</subfield><subfield code="w">(DLC)sn 86058088</subfield><subfield code="w">(OCoLC)14062963</subfield></datafield><datafield ind1="4" ind2="1" tag="856"><subfield code="u">https://access.newspaperarchive.com/us/indiana/lima/lima-la-grange-advocate</subfield></datafield></record>